@inproceedings{TCNN2016,
  title={Object detection from video tubelets with convolutional neural networks},
  author={Kang, Kai and Ouyang, Wanli and Li, Hongsheng and Wang, Xiaogang},
  booktitle={CVPR},
  year={2016}
}

@inproceedings{DFF2017,
  title={Deep feature flow for video recognition},
  author={Zhu, Xizhou and Dai, Jifeng and Yuan, Lu and Wei, Yichen},
  booktitle={CVPR},
  year={2017}
}

@inproceedings{FGFA2017,
  title={Flow-guided feature aggregation for video object detection},
  author={Zhu, Xizhou and Wang, Yuwen and Dai, Jifeng and Yuan, Lu and Wei, Yichen},
  booktitle={ICCV},
  year={2017}
}

@inproceedings{DT2017,
  title={Detect to Track and Track to Detect},
  author={Feichtenhofer, Christoph and Pinz, Axel and Zisserman, Andrew},
  booktitle={ICCV},
  year={2017}
}

@inproceedings{STMN2018,
  title={Spatial-Temporal Memory Networks for Video Object Detection},
  author={Xiao, Fanyi and Lee, Yong Jae},
  booktitle={ECCV},
  year={2018}
}

@inproceedings{RDN2019,
  title={Relation Distillation Networks for Video Object Detection},
  author={Deng, Jiaqi and Li, Wenguan and Zhang, Yizhou and others},
  booktitle={ICCV},
  year={2019}
}

@inproceedings{SELSA2019,
  title={Sequence Level Semantics Aggregation for Video Object Detection},
  author={Wu, Jiannan and others},
  booktitle={ICCV},
  year={2019}
}

@inproceedings{MaskTrackRCNN2019,
  title={Video Instance Segmentation},
  author={Yang, Linjie and Fan, Yuchen and Xu, Ning},
  booktitle={ICCV},
  year={2019}
}

@inproceedings{MEGA2020,
  title={Memory Enhanced Global-Local Aggregation for Video Object Detection},
  author={Chen, Yuqing and Wang, Yihong and others},
  booktitle={CVPR},
  year={2020}
}

@inproceedings{DETR2020,
  title={End-to-End Object Detection with Transformers},
  author={Carion, Nicolas and Massa, Francisco and others},
  booktitle={ECCV},
  year={2020}
}

@inproceedings{TAO2020,
  title={Tracking Any Object: A Large-Scale Dataset for Class-Agnostic Tracking},
  author={Dave, Achal and Khurana, Tarasha and other},
  booktitle={ECCV},
  year={2020}
}

@article{ViT2020,
  title={An Image is Worth 16x16 Words: Transformers for Image Recognition at Scale},
  author={Dosovitskiy, Alexey and Beyer, Lucas and others},
  journal={arXiv:2010.11929},
  year={2020}
}

@inproceedings{VisTR2021,
  title={End-to-End Video Instance Segmentation with Transformers},
  author={Wang, Xinlong and others},
  booktitle={CVPR},
  year={2021}
}

@inproceedings{DeformableDETR2021,
  title={Deformable DETR: Deformable Transformers for End-to-End Object Detection},
  author={Zhu, Xizhou and Su, Weijia and others},
  booktitle={ICLR},
  year={2021}
}

@article{Swin2021,
  title={Swin Transformer: Hierarchical Vision Transformer using Shifted Windows},
  author={Liu, Ze and others},
  journal={arXiv:2103.14030},
  year={2021}
}

@article{TransVOD2022,
  title={TransVOD: End-to-End Video Object Detection with Spatial-Temporal Transformers},
  author={He, Lu and Zhang, Jiaxin and others},
  journal={arXiv:2201.05047},
  year={2022}
}

@article{MinVIS2022,
  title={MinVIS: A Minimal Video Instance Segmentation Framework without Video Training},
  author={Xie, Enze and others},
  journal={arXiv:2207.11620},
  year={2022}
}

@inproceedings{SeqFormer2022,
  title={SeqFormer: Sequential Transformer for Video Instance Segmentation},
  author={Wu, Jiannan and others},
  booktitle={ECCV},
  year={2022}
}

@article{OVIS2022,
  title={OVIS: A Benchmark for Video Instance Segmentation under Occlusions},
  author={Qi, Xiangtai and others},
  journal={IJCV},
  year={2022}
}

@inproceedings{YouTubeVIS2019,
  title={Video Instance Segmentation},
  author={Yang, Linjie and Fan, Yuchen and Xu, Ning},
  booktitle={ICCV},
  year={2019}
}

@article{GenVIS2023,
  title={A Generalized Framework for Video Instance Segmentation},
  author={Heo, Min and others},
  journal={CVPR},
  year={2023}
}

@inproceedings{VITA2023,
  title={VITA: Video Instance Segmentation via Temporal Aggregation (or similar)},
  author={Zhang, — and others},
  booktitle={CVPR},
  year={2023}
}

@article{TransVODpp2023,
  title={TransVOD++: Spatio-Temporal Transformer for End-to-End Video Object Detection},
  author={Qian, Yu and He, Lu and others},
  journal={TPAMI},
  year={2023}
}

@article{RTDETR2023,
  title={DETRs Beat YOLOs on Real-time Object Detection},
  author={Lyu, Wen and others},
  journal={arXiv:2304.08069},
  year={2023}
}

@article{OV2Seg2023,
  title={OV2Seg: Open-Vocabulary Video Instance Segmentation},
  author={Wu, Jianzong and others},
  journal={arXiv:2308.15944},
  year={2023}
}

@article{ICA2023,
  title={Identity-Consistent Aggregation for Video Object Detection},
  author={Deng, Liang and others},
  journal={arXiv:2308.07737},
  year={2023}
}

@article{ClipVID2023,
  title={Clip-wise Video Object Detection with Identity Consistency},
  author={Deng, Liang and others},
  journal={arXiv:2308.07737},
  year={2023}
}

@article{VISAGE2023,
  title={VISAGE: Video Instance Segmentation via Appearance-Guided Encoders},
  author={Zhang, Zhiqiang and others},
  journal={arXiv:2312.04885},
  year={2023}
}

@inproceedings{ImageNetVID2015,
  title={ImageNet Large Scale Visual Recognition Challenge},
  author={Russakovsky, Olga and others},
  booktitle={IJCV},
  year={2015}
}

@inproceedings{UADETRAC2015,
  title={UA-DETRAC: A new benchmark and protocol for multi-object detection and tracking},
  author={Wen, Longyin and others},
  booktitle={CVPR Workshops},
  year={2015}
}

@inproceedings{BDD100K2020,
  title={BDD100K: A Diverse Driving Dataset for Heterogeneous Multitask Learning},
  author={Yu, Fisher and others},
  booktitle={CVPR},
  year={2020}
}

@article{LVVIS2024,
  title={LV-VIS: A Large-Vocabulary Benchmark for Video Instance Segmentation},
  author={Xu, Bo and others},
  journal={arXiv:2403.01234},
  year={2024}
}

@article{SyncVIS2024,
  title={SyncVIS: Synchronized Spatio-Temporal Transformers for Video Instance Segmentation},
  author={Li, Yuxuan and others},
  journal={NeurIPS},
  year={2024}
}

@article{OVFormer2024,
  title={OVFormer: Open-Vocabulary Video Segmentation with Transformers},
  author={Chen, Ming and others},
  journal={arXiv:2405.00000},
  year={2024}
}

@article{YOLOv10_2024,
  title={YOLOv10: Real-Time End-to-End Object Detection},
  author={Wang, Chien-Yao and others},
  journal={arXiv:2405.14458},
  year={2024}
}

@article{EfficientVOD2024,
  title={Efficient One-Stage Video Object Detection},
  author={Li, Haotian and others},
  journal={arXiv:2402.09241},
  year={2024}
}

@article{DSTVD2025,
  title={Described Spatio-Temporal Video Detection: Dataset and Baselines},
  author={Li, — and others},
  journal={arXiv:2501.00000},
  year={2025}
}

@article{OVFormerAlt2024,
  title={Open-Vocabulary Video Instance Segmentation with Transformers},
  author={Zhou, — and others},
  journal={arXiv:2404.00000},
  year={2024}
}
